<record><leader>00000cas a22000007a 4500</leader><controlfield tag="001">13918272</controlfield><controlfield tag="008">860723d18991907txuwr ne      0    0eng d</controlfield><datafield ind1=" " ind2=" " tag="010"><subfield code="a">sn 86088020 </subfield></datafield><datafield ind1=" " ind2=" " tag="040"><subfield code="a">PPM</subfield><subfield code="b">eng</subfield><subfield code="c">PPM</subfield><subfield code="d">NSD</subfield><subfield code="d">PPM</subfield><subfield code="d">OCLCQ</subfield></datafield><datafield ind1=" " ind2=" " tag="042"><subfield code="a">msc</subfield></datafield><datafield ind1="0" ind2="0" tag="245"><subfield code="a">Gatesville star-forum.</subfield></datafield><datafield ind1=" " ind2=" " tag="260"><subfield code="a">Gatesville, Tex. :</subfield><subfield code="b">Don C. Curtis</subfield></datafield><datafield ind1=" " ind2=" " tag="300"><subfield code="a">v. :</subfield><subfield code="b">ill. ;</subfield><subfield code="c">48 cm.</subfield></datafield><datafield ind1=" " ind2=" " tag="310"><subfield code="a">Weekly</subfield></datafield><datafield ind1="1" ind2=" " tag="362"><subfield code="a">Began in 1899?</subfield></datafield><datafield ind1=" " ind2=" " tag="500"><subfield code="a">Later published by R.W. Martin, &lt;1904&gt;.</subfield></datafield><datafield ind1=" " ind2=" " tag="588"><subfield code="a">Description based on: Vol. 3, no. 9 (Aug. 29, 1902).</subfield></datafield><datafield ind1=" " ind2=" " tag="752"><subfield code="a">United States</subfield><subfield code="b">Texas</subfield><subfield code="c">Coryell</subfield><subfield code="d">Gatesville.</subfield></datafield><datafield ind1="0" ind2="7" tag="785"><subfield code="t">Gatesville messenger</subfield><subfield code="w">(DLC)sn 86088894</subfield></datafield><datafield ind1="0" ind2="7" tag="785"><subfield code="t">Gatesville messenger and star-forum</subfield><subfield code="x">0894-4954</subfield><subfield code="w">(DLC)sn 86088895</subfield></datafield></record>